@manual{abntex2classe,
	Annote = {Este documento substitui o \cite{abnt-classe-doc}},
	Author = {Equipe abnTeX2},
	Date-Added = {2012-12-19 13:08:40 +0000},
	Date-Modified = {2012-12-19 13:09:59 +0000},
	Organization = {Equipe abnTeX2},
	Title = {A classe abntex2: Modelo can{\^o}nico de trabalhos acad{\^e}micos brasileiros compat{\'\i}vel com as normas ABNT NBR 14724:2011, ABNT NBR 6024:2012 e outras},
	Url = {http://code.google.com/p/abntex2/},
	Year = {2012},
	Bdsk-Url-1 = {http://code.google.com/p/abntex2/}}

@manual{abntex2cite-alf,
	Annote = {Este documento {\'e} derivado do \cite{abnt-bibtex-alf-doc}},
	Author = {Equipe abnTeX2},
	Date-Added = {2012-12-19 13:08:00 +0000},
	Date-Modified = {2012-12-19 13:08:30 +0000},
	Organization = {Equipe abnTeX2},
	Title = {Manual de uso do pacote abntex2cite: t{\'o}picos espec{\'\i}ficos da ABNT NBR 10520:2002 e o estilo bibliogr{\'a}fico alfab{\'e}tico (sistema autor-data},
	Url = {http://code.google.com/p/abntex2/},
	Year = {2012},
	Bdsk-Url-1 = {http://code.google.com/p/abntex2/}}

@manual{abntex2cite,
	Annote = {Este documento {\'e} derivado do \cite{abnt-bibtex-doc}},
	Author = {Equipe abnTeX2},
	Date-Added = {2012-12-19 13:06:14 +0000},
	Date-Modified = {2012-12-19 13:07:44 +0000},
	Organization = {Equipe abnTeX2},
	Title = {Manual de uso dos estilos bibliogr{\'a}ficos do pacote abntex2: estilos bibtex compat{\'\i}veis com a ABNT NBR 6023:2000},
	Url = {http://code.google.com/p/abntex2/},
	Year = {2012}}

@manual{abnt-bibtex-doc,
	Author = {Gerald Weber},
	Organization = {Grupo abnTeX},
	Title = {Estilo bibtex compat{\'\i}vel com a `norma' 6023/2000 da {ABNT}},
	Url = {http://abntex.codigolivre.org.br},
	Year = {2003},
	Bdsk-Url-1 = {http://abntex.codigolivre.org.br}}

@manual{abnt-bibtex-alf-doc,
	Author = {Gerald Weber},
	Organization = {Grupo abnTeX},
	Subtitle = {Quest\~oes espec{\'\i}ficas da `norma' 10520/2001},
	Title = {Estilo bibtex compat{\'\i}vel com a `norma' 6023/2000 da {ABNT}},
	Url = {http://abntex.codigolivre.org.br},
	Year = {2003},
	Bdsk-Url-1 = {http://abntex.codigolivre.org.br}}

@manual{abnt-classe-doc,
	Author = {Santini Frasson, Miguel Vin{\'\i}cius},
	Organization = {Grupo abnTeX},
	Subtitle = {confec{\c c}{\~a}o de trabalhos acad{\^e}micos em {\LaTeX} segundo as normas {ABNT}},
	Title = {Classe {ABNT}},
	Url = {http://abntex.codigolivre.org.br},
	Year = {2002},
	Bdsk-Url-1 = {http://abntex.codigolivre.org.br}}

@manual{tabela-simbolos-doc,
	Author = {Gerald Weber},
	Organization = {Grupo abnTeX},
	Title = {Tabelas de s{\'\i}mbolos usando makeindex},
	Url = {http://abntex.codigolivre.org.br},
	Year = {2003},
	urlaccessdate={20 jun. 2007}
}

@book{knuth,
    title={The texbook},
    author={Knuth, D.E. and Bibby, D. and Makai, I.},
    volume={1993},
    year={1986},
    publisher={Addison-Wesley}
}

@misc{lamport,
    title={Document Preparation System},
    author={Lamport, L. and LaTEX, A.},
    year={1994},
    publisher={Addison-Wesley}
}




@book{lrparsing,
    title={LR Parsing},
		subtitle={Theory and Practice},
    author={Nigel, P. C.},
    address={Cambridge},
    year={1987},
    publisher={Cambridge University Press}
}

@book{intautomata,
    title={Introduction to Automata Theory, Languages, and Computation},
    author={Hopcroft, J. E. and Ullman, J. D.},
    address={Reading, Massachusetts},
    edition={2},
    year={1979},
    publisher={Addison-Wesley}
}

@book{inttheory,
    title={Introduction to the Theory of Computation},
    author={Sipser, M.},
    address={Boston, MA, USA},
    edition={3},
    year={2013},
    publisher={Cengage Learning}
}

@inbook{contextfreel,
	author	= {Berstel, J. and  Boasson, L.},
	bookauthor = {Van Leeuwen, J.},
	title	= {Context-Free Languages},
	booktitle = {Handbook of Theoretical Computer Science},
	chapter	= {2},
	pages	= {59--102},
	publisher= {Elsevier},
	volume	= {B},
	address = {New York, NY, USA},
	year	= {1990},
	organization={Van Leeuwen, J.}
}

@inproceedings{Kaltofen82factorizationof,
    author = {E. Kaltofen},
    title = {Factorization of Polynomials},
    booktitle = {Computing, Suppl. 4},
    year = {1982},
    pages = {95--113},
    publisher = {Springer-Verlag}
}

@article{algebramoresym,
    author  = {Watt, S. M.},
    title   = {Making Computer Algebra More Symbolic},
    year    = {2006},
    journal = {Proc. Transgressive Computing 2006: A conference in honor or Jean Della Dora},
    volume  = {2006},
    month  = {Abril},
    address = {Granada, Spain},
    pages   = {43--49}
}

@book{elementaryalg,
    title={Computer Algebra and Symbolic Computation},
		subtitle={Elementary Algorithms},
    author={Cohen, J. S.},
    address={Natick, Massachusetts},
    edition={1},
    year={2002},
    publisher={A K Peters}
}

@book{mathmethods,
    title={Computer Algebra and Symbolic Computation},
		subtitle={Mathematical Methods},
    author={Cohen, J. S.},
    address={Natick, Massachusetts},
    edition={1},
    year={2002},
    publisher={A K Peters}
}

@book{symbc,
    title={Symbolic C++},
		subtitle={An Introduction to Computer Algebra using Object-Oriented Programming},
    author={Tan, K. S. and Steeb, W.-H. and Hardy, Y.},
    edition={2},
    year={2000},
    publisher={Springer}
}

@book{appliedaero,
    title={Applied Aerodynamics},
    author={Bairstow, L.},
    year={1920},
    publisher={Longmans, Green and Company}
}

@book{cursocalculo,
    title={Um Curso de Cálculo},
    volume={1},
    author={Guidorizzi, H. L.},
    edition={5},
    chapter={7},
    year={2008},
    publisher={LTC},
    address={Rio de Janeiro, RJ},
}

@book{languagechange,
    title={Calculus},
		subtitle={The Language of Change},
    author={Stroyan, K.},
    edition={3},
    chapter={6},
    year={1998},
    publisher={Academic Press},
    address={USA}
}

@book{structureint,
    title={Structure and Interpretation of Computer Programs},
    author={Abelson, H. and  Sussman, G. J. and Sussman, J.},
    edition={2},
    year={1996},
    publisher={MIT Press},
    address={Cambridge, MA}
}

@article{Bartholomew-Biggs2000ADo,
       author = "Michael C. Bartholomew-Biggs and Steve Brown and Bruce Christianson and Laurence C.
         W. Dixon",
       title = "Automatic Differentiation of Algorithms",
       journal = "Journal of Computational and Applied Mathematics",
       pages = "171--190",
       key = "Bartholomew-Biggs2000ADo",
       referred = "[Christianson2002GoP].",
       ad_theotech = "Introduction",
       year = "2000",
       volume = "124",
       doi = "10.1016/S0377-0427(00)00422-2",
       abstract = "We introduce the basic notions of automatic differentiation, describe some       extensions which are of interest in the context of nonlinear optimization and give some illustrative
         examples."
}

@article{cidoribeiro,
       author = {Ribeiro, C. H. P.},
       title = {Aplicação da Diferenciação Automática (AD) em Métodos de Cálculo de Zeros de Funções},
       journal = {XXVIII Jornada de Iniciação Científica UFRJ},
       pages = {130--131},
			 address = {Rio de Janeiro},
       year = {2006},
       volume = {CT}
}

@book{educmat,
    title={Educação Matemática},
		subtitle={da teoria à prática},
    author={D’Ambrosio, U.},
    edition={23},
    year={2012},
    publisher={Papirus},
    address={Campinas, SP}
}

@online{useeducation,
		title={Uses for Education},
		organization={Wolfram},
		url={https://www.wolfram.com/solutions/education/higher-education/uses-for-education.html},
		year={2016},
		urlaccessdate={10 nov. 2016}
}

@online{precedence,
		title={Precedence},
		author={Pegg, E. Jr. and Stover, C. and Weisstein, E. W.},
		publisher={MathWorld -- A Wolfram Web Resource},
		url={http://mathworld.wolfram.com/Precedence.html},
		year={2016},
		urlaccessdate={16 nov. 2016}
}




@article{intautdiff,
       author = {Neidinger, R. D.},
       title = {Introduction to Automatic Differentiation and MATLAB Object-Oriented Programming},
       journal = {SIAM Review},
       pages = {545--563},
			 edition = {2},
       year = {2010}
}

@inproceedings{autdifftech,
       author = {Rall, L. B.},
       title = {Automatic Differentiation},
			 subtitle = {Techniques and Applications},
			 publisher = {Springer Berlin Heidelberg},
       booktitle = {Lecture Notes in Computer Science},
			 volume = {120},
       pages = {545--563},
			 edition = {2},
       year = {1981}
}

@book{evalderivatives,
    title={Evaluating Derivatives},
		subtitle={Principles and Techniques of Algorithmic Differentiation},
    author={Griewank, A. and Walther, A.},
    edition={2},
    year={2008},
    publisher={Society for Industrial and Applied Mathematics},
    address={Berlin, Germany}
}

@book{modernalgebra,
    title={Modern Computer Algebra},
    author={von zur Gathen, J. and Gerhard, J.},
    edition={2},
    year={2003},
    publisher={Cambridge University Press},
    address={Cambridge}
}

@book{algalgebra,
    title={Algorithms for Computer Algebra},
    author={Geddes, K. O. and Czapor, S. R. and Labahn, G.},
    edition={2},
    year={1992},
    publisher={Springer US},
    address={New York, NY}
}